<?xml version="1.0" encoding="UTF-8"?><record xmlns="http://www.loc.gov/MARC21/slim" xmlns:cinclude="http://apache.org/cocoon/include/1.0" xmlns:zs="http://www.loc.gov/zing/srw/">
  <leader>00556nz  a2200145n  4500</leader>
  <controlfield tag="001">no2010110062</controlfield>
  <controlfield tag="003">DLC</controlfield>
  <controlfield tag="005">20100710075406.0</controlfield>
  <controlfield tag="008">100708n| acannaabn          |a aaa     c</controlfield>
  <datafield tag="010" ind1=" " ind2=" ">
    <subfield code="a">no2010110062</subfield>
  </datafield>
  <datafield tag="035" ind1=" " ind2=" ">
    <subfield code="a">(OCoLC)oca08552635</subfield>
  </datafield>
  <datafield tag="040" ind1=" " ind2=" ">
    <subfield code="a">MX-SlUA</subfield>
    <subfield code="b">eng</subfield>
    <subfield code="c">MX-SlUA</subfield>
  </datafield>
  <datafield tag="100" ind1="1" ind2=" ">
    <subfield code="a">Martínez Hernández, Jaime</subfield>
  </datafield>
  <datafield tag="400" ind1="1" ind2=" ">
    <subfield code="a">Hernández, Jaime Martínez</subfield>
  </datafield>
  <datafield tag="670" ind1=" " ind2=" ">
    <subfield code="a">Caracterización de la ganadería lechera en el sistema de traspatio en México, 1998:</subfield>
    <subfield code="b">t.p. (Jaime Martínez Hernández; Universidad Autónoma de San Luis Potosí; Ingeniero Agroecólogo)</subfield>
  </datafield>
</record>